@article{mahbod2023nuinsseg,
  title={NuInsSeg: A Fully Annotated Dataset for Nuclei Instance Segmentation in H\&E-Stained Histological Images},
  author={Mahbod, Amirreza and Polak, Christine and Feldmann, Katharina and Khan, Rumsha and Gelles, Katharina and Dorffner, Georg and Woitek, Ramona and Hatamikia, Sepideh and Ellinger, Isabella},
  journal={arXiv preprint arXiv:2308.01760},
  year={2023}
}
